@article{diggle2006,
  title={Bayesian geostatistical design},
  author={Diggle, Peter and Lophaven, S{\o}ren},
  journal={Scandinavian Journal of Statistics},
  volume={33},
  number={1},
  pages={53--64},
  year={2006},
  publisher={Wiley Online Library}
}



@article{diggle2003,
title={An introduction to model-based geostatistics}, 
author={Diggle et al.},
journal={Spatial statistics and computational methods},
page={43--86},
year={2003},
publisher={Springer}
}


@article{hooten2009,
title={Optimal spatio-temporal hybrid sampling designs for ecological monitoring},
author = {Hooten, Wikle, Sheriff, and Rushin},
journal= {Journal of Vegetarian Science},
volume = {20},
pages={639-649},
year={2009}
}